@inproceedings{Eyben:2010:OMV:1873951.1874246,
 author = {Eyben, Florian and W\"{o}llmer, Martin and Schuller, Bj\"{o}rn},
 title = {Opensmile: The Munich Versatile and Fast Open-source Audio Feature Extractor},
 booktitle = {Proceedings of the 18th ACM International Conference on Multimedia},
 series = {MM '10},
 year = {2010},
 isbn = {978-1-60558-933-6},
 location = {Firenze, Italy},
 pages = {1459--1462},
 numpages = {4},
 url = {http://doi.acm.org/10.1145/1873951.1874246},
 doi = {10.1145/1873951.1874246},
 acmid = {1874246},
 publisher = {ACM},
 address = {New York, NY, USA},
 keywords = {audio feature extraction, emotion, music, signal processing, speech, statistical functionals},
}

@article{DBLP:journals/corr/Kim14f,
  author    = {Yoon Kim},
  title     = {Convolutional Neural Networks for Sentence Classification},
  journal   = {CoRR},
  volume    = {abs/1408.5882},
  year      = {2014},
  url       = {http://arxiv.org/abs/1408.5882},
  archivePrefix = {arXiv},
  eprint    = {1408.5882},
  timestamp = {Wed, 07 Jun 2017 14:40:07 +0200},
  biburl    = {http://dblp.org/rec/bib/journals/corr/Kim14f},
  bibsource = {dblp computer science bibliography, http://dblp.org}
}

@article{DBLP:journals/corr/MikolovSCCD13,
  author    = {Tomas Mikolov and
               Ilya Sutskever and
               Kai Chen and
               Greg Corrado and
               Jeffrey Dean},
  title     = {Distributed Representations of Words and Phrases and their Compositionality},
  journal   = {CoRR},
  volume    = {abs/1310.4546},
  year      = {2013},
  url       = {http://arxiv.org/abs/1310.4546},
  archivePrefix = {arXiv},
  eprint    = {1310.4546},
  timestamp = {Wed, 07 Jun 2017 14:40:03 +0200},
  biburl    = {http://dblp.org/rec/bib/journals/corr/MikolovSCCD13},
  bibsource = {dblp computer science bibliography, http://dblp.org}
}
