@inproceedings{opensmile,
 author = {Eyben, Florian and W\"{o}llmer, Martin and Schuller, Bj\"{o}rn},
 title = {Opensmile: The Munich Versatile and Fast Open-source Audio Feature Extractor},
 booktitle = {Proceedings of the 18th ACM International Conference on Multimedia},
 series = {MM '10},
 year = {2010},
 isbn = {978-1-60558-933-6},
 location = {Firenze, Italy},
 pages = {1459--1462},
 numpages = {4},
 url = {http://doi.acm.org/10.1145/1873951.1874246},
 doi = {10.1145/1873951.1874246},
 acmid = {1874246},
 publisher = {ACM},
 address = {New York, NY, USA},
 keywords = {audio feature extraction, emotion, music, signal processing, speech, statistical functionals},
}

@article{Kim_2014,
  author    = {Yoon Kim},
  title     = {Convolutional Neural Networks for Sentence Classification},
  journal   = {CoRR},
  volume    = {abs/1408.5882},
  year      = {2014},
  url       = {http://arxiv.org/abs/1408.5882},
  archivePrefix = {arXiv},
  eprint    = {1408.5882},
  timestamp = {Wed, 07 Jun 2017 14:40:07 +0200},
  biburl    = {http://dblp.org/rec/bib/journals/corr/Kim14f},
  bibsource = {dblp computer science bibliography, http://dblp.org}
}

@article{word2vec,
  author    = {Tomas Mikolov and
               Ilya Sutskever and
               Kai Chen and
               Greg Corrado and
               Jeffrey Dean},
  title     = {Distributed Representations of Words and Phrases and their Compositionality},
  journal   = {CoRR},
  volume    = {abs/1310.4546},
  year      = {2013},
  url       = {http://arxiv.org/abs/1310.4546},
  archivePrefix = {arXiv},
  eprint    = {1310.4546},
  timestamp = {Wed, 07 Jun 2017 14:40:03 +0200},
  biburl    = {http://dblp.org/rec/bib/journals/corr/MikolovSCCD13},
  bibsource = {dblp computer science bibliography, http://dblp.org}
}

@inproceedings{switchboard,
 author = {Godfrey, John J. and Holliman, Edward C. and McDaniel, Jane},
 title = {SWITCHBOARD: Telephone Speech Corpus for Research and Development},
 booktitle = {Proceedings of the 1992 IEEE International Conference on Acoustics, Speech and Signal Processing - Volume 1},
 series = {ICASSP'92},
 year = {1992},
 isbn = {0-7803-0532-9},
 location = {San Francisco, California},
 pages = {517--520},
 numpages = {4},
 url = {http://dl.acm.org/citation.cfm?id=1895550.1895693},
 acmid = {1895693},
 publisher = {IEEE Computer Society},
 address = {Washington, DC, USA},
} 